<record><leader>00000cas a2200000 a 4500</leader><controlfield tag="001">709596511</controlfield><controlfield tag="008">110328c19799999txuwr ne      0   b0spa c</controlfield><datafield ind1=" " ind2=" " tag="010"><subfield code="a">  2017227018</subfield></datafield><datafield ind1=" " ind2=" " tag="040"><subfield code="a">FQG</subfield><subfield code="b">eng</subfield><subfield code="c">FQG</subfield><subfield code="d">OCLCF</subfield><subfield code="d">OCLCO</subfield><subfield code="d">FUG</subfield><subfield code="d">OCLCQ</subfield></datafield><datafield ind1=" " ind2=" " tag="042"><subfield code="a">pcc</subfield></datafield><datafield ind1=" " ind2=" " tag="043"><subfield code="a">n-us-tx</subfield></datafield><datafield ind1=" " ind2="4" tag="050"><subfield code="a">AN2 .T4H68</subfield><subfield code="b">I54</subfield></datafield><datafield ind1="0" ind2=" " tag="130"><subfield code="a">Informacio&#769;n (Houston, Tex.)</subfield></datafield><datafield ind1="1" ind2="3" tag="245"><subfield code="a">La Informacio&#769;n.</subfield></datafield><datafield ind1=" " ind2=" " tag="260"><subfield code="a">Houston, Tex. :</subfield><subfield code="b">Publitex de Houston</subfield></datafield><datafield ind1=" " ind2=" " tag="300"><subfield code="a">volumes :</subfield><subfield code="b">illustrations</subfield></datafield><datafield ind1=" " ind2=" " tag="310"><subfield code="a">Weekly,</subfield><subfield code="b">&lt;2001&gt;-</subfield></datafield><datafield ind1=" " ind2=" " tag="321"><subfield code="a">Semimonthly</subfield></datafield><datafield ind1=" " ind2=" " tag="336"><subfield code="a">text</subfield><subfield code="b">txt</subfield><subfield code="2">rdacontent</subfield></datafield><datafield ind1=" " ind2=" " tag="337"><subfield code="a">unmediated</subfield><subfield code="b">n</subfield><subfield code="2">rdamedia</subfield></datafield><datafield ind1=" " ind2=" " tag="338"><subfield code="a">volume</subfield><subfield code="b">nc</subfield><subfield code="2">rdacarrier</subfield></datafield><datafield ind1="1" ind2=" " tag="362"><subfield code="a">Fundado en 1979.</subfield></datafield><datafield ind1=" " ind2=" " tag="500"><subfield code="a">"El periodico Hispano de Houston"--Cover [no.] 808 (8-14 febrero 2001).</subfield></datafield><datafield ind1=" " ind2=" " tag="588"><subfield code="a">Description based on: An&#771;o 4 (sept. 16 al 30 1983); title from cover.</subfield></datafield><datafield ind1=" " ind2=" " tag="588"><subfield code="a">Latest issue consulted: Edicio&#769;n 1634 (2 al 8 de febrero del 2017). (online surrogate, viewed Feb. 3, 2017).</subfield></datafield><datafield ind1=" " ind2="0" tag="650"><subfield code="a">Cuban Americans</subfield><subfield code="v">Newspapers.</subfield></datafield><datafield ind1=" " ind2="0" tag="650"><subfield code="a">Hispanic Americans</subfield><subfield code="v">Newspapers.</subfield></datafield><datafield ind1=" " ind2="0" tag="651"><subfield code="a">Houston (Tex.)</subfield><subfield code="v">Newspapers.</subfield></datafield><datafield ind1=" " ind2="0" tag="651"><subfield code="a">Harris County (Tex.)</subfield><subfield code="v">Newspapers.</subfield></datafield><datafield ind1=" " ind2="7" tag="650"><subfield code="a">Cuban Americans.</subfield><subfield code="2">fast</subfield><subfield code="0">(OCoLC)fst00884777</subfield></datafield><datafield ind1=" " ind2="7" tag="650"><subfield code="a">Hispanic Americans.</subfield><subfield code="2">fast</subfield><subfield code="0">(OCoLC)fst00957523</subfield></datafield><datafield ind1=" " ind2="7" tag="651"><subfield code="a">Texas</subfield><subfield code="z">Harris County.</subfield><subfield code="2">fast</subfield><subfield code="0">(OCoLC)fst01213346</subfield></datafield><datafield ind1=" " ind2="7" tag="651"><subfield code="a">Texas</subfield><subfield code="z">Houston.</subfield><subfield code="2">fast</subfield><subfield code="0">(OCoLC)fst01205077</subfield></datafield><datafield ind1=" " ind2="7" tag="655"><subfield code="a">Newspapers.</subfield><subfield code="2">fast</subfield><subfield code="0">(OCoLC)fst01423814</subfield></datafield><datafield ind1=" " ind2=" " tag="752"><subfield code="a">United States</subfield><subfield code="b">Texas</subfield><subfield code="c">Harris</subfield><subfield code="d">Houston.</subfield></datafield><datafield ind1="4" ind2="1" tag="856"><subfield code="3">Current issue online:</subfield><subfield code="u">http://lainformacion.us/</subfield></datafield></record>